<?xml version="1.0" encoding="UTF-8"?><collection xmlns="http://www.loc.gov/MARC21/slim"><record><leader>00447nam--2200157-i-4500</leader><controlfield tag="001">000043548</controlfield><controlfield tag="002">20161230</controlfield><controlfield tag="005">20170122213829</controlfield><controlfield tag="008">060222s1000------------r-----000-0-eng-d</controlfield><datafield ind1=" " ind2=" " tag="080"><subfield code="a">616.1(0430</subfield></datafield><datafield ind1=" " ind2=" " tag="100"><subfield code="a">Taillard, George</subfield></datafield><datafield ind1=" " ind2=" " tag="245"><subfield code="a">Interet d`une spironolactone injectable dans l`infarctus myocardique recent</subfield><subfield code="b">these</subfield></datafield><datafield ind1=" " ind2=" " tag="260"><subfield code="a">Lyon</subfield><subfield code="b">Univ.Claude Bernard, Medicine</subfield><subfield code="c">1972</subfield></datafield><datafield ind1=" " ind2=" " tag="300"><subfield code="a">49 p</subfield></datafield><datafield ind1=" " ind2=" " tag="852"><subfield code="a">40734</subfield></datafield><datafield ind1=" " ind2=" " tag="CAT"><subfield code="a">SYS</subfield><subfield code="c">20170122</subfield><subfield code="h">213829</subfield></datafield></record></collection>